@article{DBLP:journals/corr/Le-Hong16,
  author    = {Phuong Le{-}Hong},
  title     = {Vietnamese Named Entity Recognition using Token Regular Expressions
               and Bidirectional Inference},
  journal   = {CoRR},
  volume    = {abs/1610.05652},
  year      = {2016},
  url       = {http://arxiv.org/abs/1610.05652},
  archivePrefix = {arXiv},
  eprint    = {1610.05652},
  timestamp = {Wed, 07 Jun 2017 14:42:34 +0200},
  biburl    = {https://dblp.org/rec/bib/journals/corr/Le-Hong16},
  bibsource = {dblp computer science bibliography, https://dblp.org}
}

@article{DBLP:journals/corr/abs-1708-07241,
  author    = {Thai{-}Hoang Pham and
               Xuan{-}Khoai Pham and
               Tuan{-}Anh Nguyen and
               Phuong Le{-}Hong},
  title     = {{NNVLP:} {A} Neural Network-Based Vietnamese Language Processing Toolkit},
  journal   = {CoRR},
  volume    = {abs/1708.07241},
  year      = {2017},
  url       = {http://arxiv.org/abs/1708.07241},
  archivePrefix = {arXiv},
  eprint    = {1708.07241},
  timestamp = {Tue, 05 Sep 2017 10:03:46 +0200},
  biburl    = {https://dblp.org/rec/bib/journals/corr/abs-1708-07241},
  bibsource = {dblp computer science bibliography, https://dblp.org}
}

@article{DBLP:journals/corr/abs-1801-01331,
  author    = {Thanh Vu and
               Dat Quoc Nguyen and
               Dai Quoc Nguyen and
               Mark Dras and
               Mark Johnson},
  title     = {VnCoreNLP: {A} Vietnamese Natural Language Processing Toolkit},
  journal   = {CoRR},
  volume    = {abs/1801.01331},
  year      = {2018},
  url       = {http://arxiv.org/abs/1801.01331},
  archivePrefix = {arXiv},
  eprint    = {1801.01331},
  timestamp = {Thu, 01 Feb 2018 19:52:26 +0100},
  biburl    = {https://dblp.org/rec/bib/journals/corr/abs-1801-01331},
  bibsource = {dblp computer science bibliography, https://dblp.org}
}

@article{DBLP:journals/corr/abs-1803-08463,
  author    = {Pham Quang Nhat Minh},
  title     = {A Feature-Based Model for Nested Named-Entity Recognition at {VLSP-2018}
               {NER} Evaluation Campaign},
  journal   = {CoRR},
  volume    = {abs/1803.08463},
  year      = {2018},
  url       = {http://arxiv.org/abs/1803.08463},
  archivePrefix = {arXiv},
  eprint    = {1803.08463},
  timestamp = {Wed, 11 Apr 2018 11:12:46 +0200},
  biburl    = {https://dblp.org/rec/bib/journals/corr/abs-1803-08463},
  bibsource = {dblp computer science bibliography, https://dblp.org}
}